[gd_scene load_steps=8 format=2]

[ext_resource path="res://Assets/Customized/hiasan/untitled (4).png" type="Texture" id=1]
[ext_resource path="res://Assets/Customized/hiasan/untitled (6).png" type="Texture" id=2]
[ext_resource path="res://Assets/Fonts/FontFranExplanation.tres" type="DynamicFont" id=3]
[ext_resource path="res://Scripts/mainMenu.gd" type="Script" id=4]
[ext_resource path="res://Assets/Background/kenny/set2_background.png" type="Texture" id=5]
[ext_resource path="res://Assets/Background/kenny/set2_tiles.png" type="Texture" id=6]
[ext_resource path="res://Assets/Background/kenny/set2_hills.png" type="Texture" id=7]

[node name="MarginContainer" type="MarginContainer"]
margin_right = 768.0
margin_bottom = 487.0
custom_constants/margin_right = 10
custom_constants/margin_top = 10
custom_constants/margin_left = 10

[node name="VBoxContainer" type="VBoxContainer" parent="."]
margin_left = 10.0
margin_top = 10.0
margin_right = 758.0
margin_bottom = 487.0
custom_constants/separation = 20

[node name="HBoxContainer" type="HBoxContainer" parent="VBoxContainer"]
editor/display_folded = true
margin_right = 748.0
margin_bottom = 64.0
custom_constants/separation = 10
alignment = 1

[node name="TextureRect" type="TextureRect" parent="VBoxContainer/HBoxContainer"]
margin_left = 83.0
margin_right = 147.0
margin_bottom = 64.0
texture = ExtResource( 1 )
stretch_mode = 5

[node name="TextureRect2" type="TextureRect" parent="VBoxContainer/HBoxContainer"]
margin_left = 157.0
margin_right = 221.0
margin_bottom = 64.0
texture = ExtResource( 2 )
stretch_mode = 5

[node name="TextureRect5" type="TextureRect" parent="VBoxContainer/HBoxContainer"]
margin_left = 231.0
margin_right = 295.0
margin_bottom = 64.0
texture = ExtResource( 1 )
stretch_mode = 5

[node name="TextureRect4" type="TextureRect" parent="VBoxContainer/HBoxContainer"]
margin_left = 305.0
margin_right = 369.0
margin_bottom = 64.0
texture = ExtResource( 2 )
stretch_mode = 5

[node name="TextureRect3" type="TextureRect" parent="VBoxContainer/HBoxContainer"]
margin_left = 379.0
margin_right = 443.0
margin_bottom = 64.0
texture = ExtResource( 1 )
stretch_mode = 5

[node name="TextureRect6" type="TextureRect" parent="VBoxContainer/HBoxContainer"]
margin_left = 453.0
margin_right = 517.0
margin_bottom = 64.0
texture = ExtResource( 2 )
stretch_mode = 5

[node name="TextureRect7" type="TextureRect" parent="VBoxContainer/HBoxContainer"]
margin_left = 527.0
margin_right = 591.0
margin_bottom = 64.0
texture = ExtResource( 1 )
stretch_mode = 5

[node name="TextureRect8" type="TextureRect" parent="VBoxContainer/HBoxContainer"]
margin_left = 601.0
margin_right = 665.0
margin_bottom = 64.0
texture = ExtResource( 2 )
stretch_mode = 5

[node name="VBoxContainer" type="VBoxContainer" parent="VBoxContainer"]
margin_top = 84.0
margin_right = 748.0
margin_bottom = 335.0
custom_constants/separation = 40
alignment = 1

[node name="Explanation" type="Label" parent="VBoxContainer/VBoxContainer"]
margin_right = 748.0
margin_bottom = 27.0
custom_fonts/font = ExtResource( 3 )
text = "Thank you for supporting me"
align = 3
autowrap = true

[node name="Explanation2" type="Label" parent="VBoxContainer/VBoxContainer"]
margin_top = 67.0
margin_right = 748.0
margin_bottom = 184.0
custom_fonts/font = ExtResource( 3 )
text = "Game design : 
Fran Na Jaya
Game Assets :
from many source online, that for them that give it for free source"
align = 3
autowrap = true

[node name="LinkButton" type="LinkButton" parent="VBoxContainer/VBoxContainer"]
margin_top = 224.0
margin_right = 748.0
margin_bottom = 251.0
custom_fonts/font = ExtResource( 3 )
text = "Main Menu"
underline = 1
script = ExtResource( 4 )

[node name="HBoxContainer2" type="HBoxContainer" parent="VBoxContainer"]
editor/display_folded = true
margin_top = 355.0
margin_right = 748.0
margin_bottom = 419.0
custom_constants/separation = 10
alignment = 1

[node name="TextureRect2" type="TextureRect" parent="VBoxContainer/HBoxContainer2"]
margin_left = 83.0
margin_right = 147.0
margin_bottom = 64.0
texture = ExtResource( 2 )
stretch_mode = 5

[node name="TextureRect5" type="TextureRect" parent="VBoxContainer/HBoxContainer2"]
margin_left = 157.0
margin_right = 221.0
margin_bottom = 64.0
texture = ExtResource( 1 )
stretch_mode = 5

[node name="TextureRect4" type="TextureRect" parent="VBoxContainer/HBoxContainer2"]
margin_left = 231.0
margin_right = 295.0
margin_bottom = 64.0
texture = ExtResource( 2 )
stretch_mode = 5

[node name="TextureRect3" type="TextureRect" parent="VBoxContainer/HBoxContainer2"]
margin_left = 305.0
margin_right = 369.0
margin_bottom = 64.0
texture = ExtResource( 1 )
stretch_mode = 5

[node name="TextureRect6" type="TextureRect" parent="VBoxContainer/HBoxContainer2"]
margin_left = 379.0
margin_right = 443.0
margin_bottom = 64.0
texture = ExtResource( 2 )
stretch_mode = 5

[node name="TextureRect7" type="TextureRect" parent="VBoxContainer/HBoxContainer2"]
margin_left = 453.0
margin_right = 517.0
margin_bottom = 64.0
texture = ExtResource( 1 )
stretch_mode = 5

[node name="TextureRect8" type="TextureRect" parent="VBoxContainer/HBoxContainer2"]
margin_left = 527.0
margin_right = 591.0
margin_bottom = 64.0
texture = ExtResource( 2 )
stretch_mode = 5

[node name="TextureRect9" type="TextureRect" parent="VBoxContainer/HBoxContainer2"]
margin_left = 601.0
margin_right = 665.0
margin_bottom = 64.0
texture = ExtResource( 1 )
stretch_mode = 5

[node name="Sprite" type="Sprite" parent="."]
position = Vector2( -29.8672, -34.1339 )
scale = Vector2( 1.24667, 1.26222 )
z_index = -1
texture = ExtResource( 5 )
centered = false

[node name="Sprite2" type="Sprite" parent="."]
scale = Vector2( 1.2, 1.2 )
z_index = -1
texture = ExtResource( 6 )
centered = false

[node name="Sprite3" type="Sprite" parent="."]
position = Vector2( 72.1384, -25.0916 )
z_index = -1
texture = ExtResource( 7 )
centered = false
[connection signal="pressed" from="VBoxContainer/VBoxContainer/LinkButton" to="VBoxContainer/VBoxContainer/LinkButton" method="_on_mainMenu_pressed"]
