[gd_scene load_steps=7 format=2]

[ext_resource path="res://Assets/Customized/hiasan/untitled (4).png" type="Texture" id=1]
[ext_resource path="res://Assets/Customized/hiasan/untitled (6).png" type="Texture" id=2]
[ext_resource path="res://Assets/Fonts/FontFranJudul.tres" type="DynamicFont" id=3]
[ext_resource path="res://Assets/Background/kenny/set2_background.png" type="Texture" id=4]
[ext_resource path="res://Assets/Background/kenny/set2_tiles.png" type="Texture" id=5]
[ext_resource path="res://Assets/Background/kenny/set2_hills.png" type="Texture" id=6]

[node name="MarginContainer" type="MarginContainer"]
editor/display_folded = true
margin_right = 768.0
margin_bottom = 487.0
custom_constants/margin_right = 10
custom_constants/margin_top = 10
custom_constants/margin_left = 10

[node name="VBoxContainer" type="VBoxContainer" parent="."]
margin_left = 10.0
margin_top = 10.0
margin_right = 758.0
margin_bottom = 487.0
custom_constants/separation = 20

[node name="HBoxContainer" type="HBoxContainer" parent="VBoxContainer"]
editor/display_folded = true
margin_right = 748.0
margin_bottom = 64.0
custom_constants/separation = 10
alignment = 1

[node name="TextureRect" type="TextureRect" parent="VBoxContainer/HBoxContainer"]
margin_left = 83.0
margin_right = 147.0
margin_bottom = 64.0
texture = ExtResource( 1 )
stretch_mode = 5

[node name="TextureRect2" type="TextureRect" parent="VBoxContainer/HBoxContainer"]
margin_left = 157.0
margin_right = 221.0
margin_bottom = 64.0
texture = ExtResource( 2 )
stretch_mode = 5

[node name="TextureRect5" type="TextureRect" parent="VBoxContainer/HBoxContainer"]
margin_left = 231.0
margin_right = 295.0
margin_bottom = 64.0
texture = ExtResource( 1 )
stretch_mode = 5

[node name="TextureRect4" type="TextureRect" parent="VBoxContainer/HBoxContainer"]
margin_left = 305.0
margin_right = 369.0
margin_bottom = 64.0
texture = ExtResource( 2 )
stretch_mode = 5

[node name="TextureRect3" type="TextureRect" parent="VBoxContainer/HBoxContainer"]
margin_left = 379.0
margin_right = 443.0
margin_bottom = 64.0
texture = ExtResource( 1 )
stretch_mode = 5

[node name="TextureRect6" type="TextureRect" parent="VBoxContainer/HBoxContainer"]
margin_left = 453.0
margin_right = 517.0
margin_bottom = 64.0
texture = ExtResource( 2 )
stretch_mode = 5

[node name="TextureRect7" type="TextureRect" parent="VBoxContainer/HBoxContainer"]
margin_left = 527.0
margin_right = 591.0
margin_bottom = 64.0
texture = ExtResource( 1 )
stretch_mode = 5

[node name="TextureRect8" type="TextureRect" parent="VBoxContainer/HBoxContainer"]
margin_left = 601.0
margin_right = 665.0
margin_bottom = 64.0
texture = ExtResource( 2 )
stretch_mode = 5

[node name="VBoxContainer" type="VBoxContainer" parent="VBoxContainer"]
editor/display_folded = true
margin_top = 84.0
margin_right = 748.0
margin_bottom = 311.0
custom_constants/separation = 30

[node name="Explanation" type="Label" parent="VBoxContainer/VBoxContainer"]
margin_right = 748.0
margin_bottom = 227.0
custom_fonts/font = ExtResource( 3 )
text = "Ah !!! So sorry you failed

YOU FINISH

THIS GAME"
align = 1
autowrap = true

[node name="HBoxContainer2" type="HBoxContainer" parent="VBoxContainer"]
editor/display_folded = true
margin_top = 331.0
margin_right = 748.0
margin_bottom = 395.0
custom_constants/separation = 10
alignment = 1

[node name="TextureRect2" type="TextureRect" parent="VBoxContainer/HBoxContainer2"]
margin_left = 83.0
margin_right = 147.0
margin_bottom = 64.0
texture = ExtResource( 2 )
stretch_mode = 5

[node name="TextureRect5" type="TextureRect" parent="VBoxContainer/HBoxContainer2"]
margin_left = 157.0
margin_right = 221.0
margin_bottom = 64.0
texture = ExtResource( 1 )
stretch_mode = 5

[node name="TextureRect4" type="TextureRect" parent="VBoxContainer/HBoxContainer2"]
margin_left = 231.0
margin_right = 295.0
margin_bottom = 64.0
texture = ExtResource( 2 )
stretch_mode = 5

[node name="TextureRect3" type="TextureRect" parent="VBoxContainer/HBoxContainer2"]
margin_left = 305.0
margin_right = 369.0
margin_bottom = 64.0
texture = ExtResource( 1 )
stretch_mode = 5

[node name="TextureRect6" type="TextureRect" parent="VBoxContainer/HBoxContainer2"]
margin_left = 379.0
margin_right = 443.0
margin_bottom = 64.0
texture = ExtResource( 2 )
stretch_mode = 5

[node name="TextureRect7" type="TextureRect" parent="VBoxContainer/HBoxContainer2"]
margin_left = 453.0
margin_right = 517.0
margin_bottom = 64.0
texture = ExtResource( 1 )
stretch_mode = 5

[node name="TextureRect8" type="TextureRect" parent="VBoxContainer/HBoxContainer2"]
margin_left = 527.0
margin_right = 591.0
margin_bottom = 64.0
texture = ExtResource( 2 )
stretch_mode = 5

[node name="TextureRect9" type="TextureRect" parent="VBoxContainer/HBoxContainer2"]
margin_left = 601.0
margin_right = 665.0
margin_bottom = 64.0
texture = ExtResource( 1 )
stretch_mode = 5

[node name="Sprite" type="Sprite" parent="."]
position = Vector2( -29.8672, -34.1339 )
scale = Vector2( 1.24667, 1.26222 )
z_index = -1
texture = ExtResource( 4 )
centered = false

[node name="Sprite2" type="Sprite" parent="."]
scale = Vector2( 1.2, 1.2 )
z_index = -1
texture = ExtResource( 5 )
centered = false

[node name="Sprite3" type="Sprite" parent="."]
position = Vector2( 72.1384, -25.0916 )
z_index = -1
texture = ExtResource( 6 )
centered = false
